@book{Hand2004,
author={Hand, D. J. },
title={Measurement Theory and Practice: The World Through Quantification},
year={2004},
publisher={Arnold, London}
}

@article {HansenHoule2008,
author = {Hansen, T. F. and Houle, D.},
title = {Measuring and comparing evolvability and constraint in multivariate characters},
journal = {Journal of Evolutionary Biology},
volume = {21},
number = {5},
publisher = {Blackwell Publishing Ltd},
issn = {1420-9101},
url = {http://dx.doi.org/10.1111/j.1420-9101.2008.01573.x},
doi = {10.1111/j.1420-9101.2008.01573.x},
pages = {1201--1219},
keywords = {autonomy, evolvability, G matrix, integration, measurement theory, modularity, quantitative genetics, scaling},
year = {2008},
}

 @article{Houle2011,
     jstor_articletype = {research-article},
     title = {Measurement and Meaning in Biology},
     author = {Houle, David and P\'{e}labon, Christophe and Wagner, G. P. and Hansen, Thomas F.},
     journal = {The Quarterly Review of Biology},
     jstor_issuetitle = {},
     volume = {86},
     number = {1},
     jstor_formatteddate = {March 2011},
     pages = {3--34},
     url = {http://www.jstor.org/stable/10.1086/658408},
     ISSN = {00335770},
     language = {English},
     year = {2011},
     publisher = {The University of Chicago Press},
     copyright = {Copyright © 2011 The University of Chicago Press},
    }

@article {Dornburg2011,
author = {Dornburg, Alex and Sidlauskas, Brian and Santini, Francesco and Sorenson, Laurie and Near, Thomas J. and Alfaro, Michael E.},
title = {The influence of an innovative locomotor strategy on the phenotypic diversification of triggerfish (family: Ballistidae)},
journal = {Evolution},
volume = {65},
number = {7},
publisher = {Blackwell Publishing Inc},
issn = {1558-5646},
url = {http://dx.doi.org/10.1111/j.1558-5646.2011.01275.x},
doi = {10.1111/j.1558-5646.2011.01275.x},
pages = {1912--1926},
keywords = {Adaptive radiation, balistiform, correlated evolution, disparity, generalized least squares, geometric morphometrics, locomotion, Tetraodontiformes},
year = {2011},
}

@article {Hunt2013,
author = {Hunt, Gene},
title = {Testing the link between phenotypic evolution and speciation: an integrated palaeontological and phylogenetic analysis},
journal = {Methods in Ecology and Evolution},
volume = {4},
number = {8},
issn = {2041-210X},
url = {http://dx.doi.org/10.1111/2041-210X.12085},
doi = {10.1111/2041-210X.12085},
pages = {714--723},
keywords = {Punctuated equilibrium, speciation, Poseidonamicus, anagenesis, cladogenesis},
year = {2013},
}

@article{Felsenstein1985,
	Author = {Felsenstein, Joseph},
	Journal = {The American Naturalist},
	Number = {1},
	Pages = {1--15},
	Title = {Phylogenies and the Comparative Method},
	Volume = {125},
	Year = {1985}}

@article{Harmon2010,
	Author = {Harmon, Luke J and Losos, Jonathan B and Jonathan Davies, T and Gillespie, Rosemary G and Gittleman, John L and Bryan Jennings, W and Kozak, Kenneth H and McPeek, Mark A and Moreno-Roark, Franck and Near, Thomas J and Purvis, Andy and Ricklefs, Robert E and Schluter, Dolph and Schulte II, James A and Seehausen, Ole and Sidlauskas, Brian L and Torres-Carvajal, Omar and Weir, Jason T and Mooers, Arne {\O}},
	Doi = {10.1111/j.1558-5646.2010.01025.x},
	Journal = {Evolution},
	Number = {8},
	Pages = {2385--2396},
	Title = {Early Bursts of Body Size and Shape Evolution are Rare in Comparative Data},
	Volume = {64},
	Year = {2010},
	Bdsk-Url-1 = {http://dx.doi.org/10.1111/j.1558-5646.2010.01025.x}}

@article {PennellHarmon,
author = {Pennell, Matthew W. and Harmon, Luke J.},
title = {An integrative view of phylogenetic comparative methods: connections to population genetics, community ecology, and paleobiology},
journal = {Annals of the New York Academy of Sciences},
volume = {1289},
number = {1},
issn = {1749-6632},
url = {http://dx.doi.org/10.1111/nyas.12157},
doi = {10.1111/nyas.12157},
pages = {90--105},
keywords = {macroevolution, phylogenies, fossils},
year = {2013},
}

@article {BergmannIrshick2012,
author = {Bergmann, Philip J. and Irschick, Duncan J.},
title = {Vertebral evolution and the diversification of squamate reptiles},
journal = {Evolution},
volume = {66},
number = {4},
publisher = {Blackwell Publishing Inc},
issn = {1558-5646},
url = {http://dx.doi.org/10.1111/j.1558-5646.2011.01491.x},
doi = {10.1111/j.1558-5646.2011.01491.x},
pages = {1044--1058},
keywords = {Body shape, disparity, morphological diversity, rate of evolution, supertree, taxonomic diversity},
year = {2012},
}

@article {Weir2012,
author = {Weir, Jason T. and Mursleen, Sara},
title = {Diversity-dependent cladogenesis and trait evolution in the adaptive radiation of the auks (Aves: Alcidae)},
journal = {Evolution},
volume = {67},
number = {2},
publisher = {Blackwell Publishing Inc},
issn = {1558-5646},
url = {http://dx.doi.org/10.1111/j.1558-5646.2012.01786.x},
doi = {10.1111/j.1558-5646.2012.01786.x},
pages = {403--416},
keywords = {Adaptive radiation, Alcidae, auk, cladogenesis, diversity-dependent diversification, ecological opportunity, trait-evolution},
year = {2013},
}

@article {Pienaar2013,
author = {Pienaar, Jason and Ilany, Amiyaal and Geffen, Eli and Yom-Tov, Yoram},
title = {Macroevolution of life-history traits in passerine birds: adaptation and phylogenetic inertia},
journal = {Ecology Letters},
volume = {16},
number = {5},
issn = {1461-0248},
url = {http://dx.doi.org/10.1111/ele.12077},
doi = {10.1111/ele.12077},
pages = {571--576},
keywords = {Life history traits, macroevolution, Ornstein–Uhlenbeck models, passerines, phylogeny},
year = {2013},
}
﻿
@article {KozakWiens2010,
author = {Kozak, Kenneth H. and Wiens, John J.},
title = {Accelerated rates of climatic-niche evolution underlie rapid species diversification},
journal = {Ecology Letters},
volume = {13},
number = {11},
publisher = {Blackwell Publishing Ltd},
issn = {1461-0248},
url = {http://dx.doi.org/10.1111/j.1461-0248.2010.01530.x},
doi = {10.1111/j.1461-0248.2010.01530.x},
pages = {1378--1389},
keywords = {Amphibians, climate change, diversification, diversity, niche conservatism, niche evolution, phylogeny, Plethodontidae, salamanders, speciation, species interactions, species richness},
year = {2010},
}

@article {Schnitzler2012,
author = {Schnitzler, Jan and Graham, Catherine H. and Dormann, Carsten F. and Schiffers, Katja and Peter Linder, H.},
title = {Climatic niche evolution and species diversification in the Cape flora, South Africa},
journal = {Journal of Biogeography},
volume = {39},
number = {12},
issn = {1365-2699},
url = {http://dx.doi.org/10.1111/jbi.12028},
doi = {10.1111/jbi.12028},
pages = {2201--2211},
keywords = {Babiana, Cape flora, diversification, ecological niche, Fynbos, macroevolution, niche evolution, Ornstein–Uhlenbeck, phylogenetics, Succulent Karoo},
year = {2012},
}

@article {Revell2008,
author = {Revell, Liam J.},
title = {Size-correction and principal components for interspecific comparative studies},
journal = {Evolution},
volume = {63},
number = {12},
publisher = {Blackwell Publishing Inc},
issn = {1558-5646},
url = {http://dx.doi.org/10.1111/j.1558-5646.2009.00804.x},
doi = {10.1111/j.1558-5646.2009.00804.x},
pages = {3258--3268},
keywords = {Data transformation, evolutionary regression, least squares, linear regression, PCA, phylogenetic comparative methods, principal components analysis},
year = {2009},
}

@article{Novembre,
author={Novembre, John and Stephens, Matthew},
title={Interpreting principal componenet analyses of spatial population genetic variation},
journal={Nature Genetics},
year={2008},
volume={40},
pages={646--649}
}

@article{Podani2002,
author={Podani, J and Mikl\'{o}s, I.},
title={Resemblance coefficients and the horseshoe effect in pricipal coordinates analysis},
journal={Ecology},
year={2002},
volume={83},
pages={3331--3343}
}

@article{Richman1986,
author={Richman, M. B.},
title={Rotation of principal components},
journal={Journal of Climatology},
year={1986},
volume={6},
pages={293--335}}

@article{Bookstein2012,
author={Bookstein, F. L.},
title={Random walk as a null model for high-dimensional morphometrics of fossil series: geometrical considerations},
journal={Paleobiology},
year={2012},
volume={39},
pages={52--74}}